<?xml version="1.0" encoding="UTF-8"?><collection xmlns="http://www.loc.gov/MARC21/slim"><record><leader>00297nam--2200121-i-4500</leader><controlfield tag="001">000018865</controlfield><controlfield tag="002">20161230</controlfield><controlfield tag="005">20161230201032</controlfield><controlfield tag="008">060222s1000------------r-----000-0-eng-d</controlfield><datafield ind1=" " ind2=" " tag="100"><subfield code="a">Delattre, F</subfield></datafield><datafield ind1=" " ind2=" " tag="245"><subfield code="a">Le soudage des aciers inoxidables</subfield></datafield><datafield ind1=" " ind2=" " tag="260"><subfield code="a">Paris, Dunod, 1965.   X + 190 P</subfield></datafield><datafield ind1=" " ind2=" " tag="852"><subfield code="a">23953</subfield></datafield></record></collection>